@online{alexa-about,
  author = {Amazon.com},
  title = {About the Alexa Traffic Rankings},
  url = {http://www.alexa.com/help/traffic-learn-more},
  urldate = {07/12/2012}
}

@online{alexa-site-archive,
  author = {Amazon.com},
  title = {Top 1,000,000 Sites (Updated Daily)},
  year = {2012},
  url = {http://s3.amazonaws.com/alexa-static/top-1m.csv.zip},
  urldate = {07/12/2012}
}

@online{wot-api,
  author = {http://www.mywot.com/wiki/User:Sami},
  title = {Public Link JSON API},
  year = {2010},
  url = {http://www.mywot.com/wiki/API#public_link_json},
  urldate = {07/12/2012}
}

@online{wot-about,
  title = {About Web of Trust (WOT)},
  year = {2012},
  url = {http://www.mywot.com/en/aboutus},
  urldate = {07/12/2012}
}

@online{database-as-mq,
  author = {Mike Hadlow},
  title = {The Database As Queue Anti-Pattern},
  year = {2012},
  url = {http://mikehadlow.blogspot.se/2012/04/database-as-queue-anti-pattern.html},
  urldate = {10/12/2012}
}

@online{team-cymru,
  urldate = {13/12/2012},
  title = {About Us - Team Cymru},
  url = {https://www.team-cymru.org/About/},
}

@online{google-safe,
  title = {Safe Browsing},
  url = {https://developers.google.com/safe-browsing/},
  urldate = {13/12/2012},
}

@online{aws-spot,
  title = {Amazon EC2 Spot Instances},
  urldate = {13/12/2012},
  url = {https://aws.amazon.com/ec2/spot-instances/},
}

@online{rackspace,
  title = {The Rackspace Open Cloud},
  url = {http://www.rackspace.com/cloud/},
  urldate = {13/12/2012},
}

@online{redis,
  title = {Redis},
  url = {http://redis.io/},
  urldate = {13/12/2012},
}

@online{celery-batches,
  author = {Ask Solem Hoel, Thomas Grainger, Chris Adams},
  url = {http://docs.celeryproject.org/en/latest/reference/celery.contrib.batches.html},
  date = {2012},
  urldate = {13/12/2012},
}

@online{celery-batches-fix,
  author = {Thomas Grainger},
  title = {Use noop as default callback},
  url = {https://github.com/celery/celery/pull/1092},
  urldate = {13/12/2012},

}

@online{celery-batches-docfix,
  author = {Thomas Grainger},
  title = {Change example to show returning data},
  url = {https://github.com/celery/celery/pull/1093},
  urldate = {13/12/2012},
}


@ARTICLE{reid-anon,
   author = {{Reid}, F. and {Harrigan}, M.},
    title = "{An Analysis of Anonymity in the Bitcoin System}",
  journal = {ArXiv e-prints},
archivePrefix = "arXiv",
   eprint = {1107.4524},
 primaryClass = "physics.soc-ph",
 keywords = {Physics - Physics and Society, Computer Science - Social and Information Networks},
     year = 2011,
    month = jul,
   adsurl = {http://adsabs.harvard.edu/abs/2011arXiv1107.4524R},
  adsnote = {Provided by the SAO/NASA Astrophysics Data System}
}

@misc{eval-priv,
    author = {Elli Androulaki and Ghassan Karame and Marc Roeschlin and Tobias Scherer and Srdjan Capkun},
    title = {Evaluating User Privacy in Bitcoin},
    howpublished = {Cryptology ePrint Archive, Report 2012/596},
    year = {2012},
    note = {\url{http://eprint.iacr.org/}},
}

@misc{zerocoin,
  title={Zerocoin: Anonymous Distributed E-Cash from Bitcoin},
  author={Miers, Ian and Garman, Christina and Green, Matthew and Rubin, Aviel D},
  year={2013}
}

@article{satoshi,
  title={Bitcoin: A peer-to-peer electronic cash system},
  author={Nakamoto, Satoshi},
  journal={URL: http://www.bitcoin.org/bitcoin.pdf},
  year={2009}
}

@inproceedings{netcash,
     author = {Medvinsky, Gennady and Neuman, Clifford},
      title = {NetCash: a design for practical electronic currency on the
          Internet},
       booktitle = {Proceedings of the 1st ACM conference on Computer and
           communications security},
        series = {CCS '93},
         year = {1993},
          isbn = {0-89791-629-8},
           location = {Fairfax, Virginia, USA},
            pages = {102--106},
             numpages = {5},
              url = {http://doi.acm.org/10.1145/168588.168601},
               doi = {10.1145/168588.168601},
                acmid = {168601},
                 publisher = {ACM},
                  address = {New York, NY, USA},
} 

